@Manual{base,
    title = {R: A Language and Environment for Statistical Computing},
    author = {{R Core Team}},
    organization = {R Foundation for Statistical Computing},
    address = {Vienna, Austria},
    year = {2025},
    url = {https://www.R-project.org/},
  }

@software{Quarto_2025,
author = {Allaire, J.J. and Teague, Charles and Scheidegger, Carlos and Xie, Yihui and Dervieux, Christophe and Woodhull, Gordon},
doi = {10.5281/zenodo.5960048},
month = apr,
title = {{Quarto}},
url = {https://github.com/quarto-dev/quarto-cli},
version = {1.7},
year = {2025}
}

@software{python,
  title = {Python programming language},
  author = {{Python Software Foundation}},
  year = {2025},
  url = {https://www.python.org/},
  version = {3.13.5}
}


@Article{bidask,
  title = {Efficient estimation of bid–ask spreads from open, high, low, and close prices},
  journal = {Journal of Financial Economics},
  year = {2024},
  author = {David Ardia and Emanuele Guidotti and Tim A. Kroencke},
  volume = {161},
  pages = {103916},
  doi = {10.1016/j.jfineco.2024.103916},
}
@Manual{moments,
title = {{moments}: Moments, Cumulants, Skewness, Kurtosis and Related Tests},
  author = {Lukasz Komsta and Frederick Novomestky},
  year = {2022},
  note = {R package version 0.14.1},
  url = {https://CRAN.R-project.org/package=moments},
  doi = {10.32614/CRAN.package.moments},
}
@Article{pcaMethods,
  title = {pcaMethods -- a Bioconductor package providing PCA methods for incomplete	data},
  author = {Wolfram Stacklies and Henning Redestig and Matthias Scholz and Dirk Walther and Joachim Selbig},
  journal = {Bioinformatics},
  year = {2007},
  pages = {1164--1167},
  volume = {23},
}
@Manual{PerformanceAnalytics,
title = {{PerformanceAnalytics}: Econometric Tools for Performance and Risk Analysis},
  author = {Brian G. Peterson and Peter Carl},
  year = {2024},
  note = {R package version 2.0.8},
  url = {https://CRAN.R-project.org/package=PerformanceAnalytics},
  doi = {10.32614/CRAN.package.PerformanceAnalytics},
}
@Manual{quantmod,
title = {{quantmod}: Quantitative Financial Modelling Framework},
  author = {Jeffrey A. Ryan and Joshua M. Ulrich},
  year = {2025},
  note = {R package version 0.4.28},
  url = {https://CRAN.R-project.org/package=quantmod},
  doi = {10.32614/CRAN.package.quantmod},
}
@Manual{slider,
title = {{slider}: Sliding Window Functions},
  author = {Davis Vaughan},
  year = {2024},
  note = {R package version 0.3.2},
  url = {https://CRAN.R-project.org/package=slider},
  doi = {10.32614/CRAN.package.slider},
}
@Article{zoo,
title = {{zoo}: S3 Infrastructure for Regular and Irregular Time Series},
  author = {Achim Zeileis and Gabor Grothendieck},
  journal = {Journal of Statistical Software},
  year = {2005},
  volume = {14},
  number = {6},
  pages = {1--27},
  doi = {10.18637/jss.v014.i06},
}
@Article{tidyverse,
  title = {Welcome to the {tidyverse}},
  author = {Hadley Wickham and Mara Averick and Jennifer Bryan and Winston Chang and Lucy D'Agostino McGowan and Romain François and Garrett Grolemund and Alex Hayes and Lionel Henry and Jim Hester and Max Kuhn and Thomas Lin Pedersen and Evan Miller and Stephan Milton Bache and Kirill Müller and Jeroen Ooms and David Robinson and Dana Paige Seidel and Vitalie Spinu and Kohske Takahashi and Davis Vaughan and Claus Wilke and Kara Woo and Hiroaki Yutani},
  year = {2019},
  journal = {Journal of Open Source Software},
  volume = {4},
  number = {43},
  pages = {1686},
  doi = {10.21105/joss.01686},
}
@Manual{rstudio,
title = {{RStudio}: Integrated Development Environment for R},
  author = {{Posit team}},
  organization = {Posit Software, PBC},
  address = {Boston, MA},
  year = {2025},
  url = {http://www.posit.co/},
}

### Python packages

@Article{         harris2020array,
 title         = {Array programming with {NumPy}},
 author        = {Charles R. Harris and K. Jarrod Millman and St{\'{e}}fan J.
                 van der Walt and Ralf Gommers and Pauli Virtanen and David
                 Cournapeau and Eric Wieser and Julian Taylor and Sebastian
                 Berg and Nathaniel J. Smith and Robert Kern and Matti Picus
                 and Stephan Hoyer and Marten H. van Kerkwijk and Matthew
                 Brett and Allan Haldane and Jaime Fern{\'{a}}ndez del
                 R{\'{i}}o and Mark Wiebe and Pearu Peterson and Pierre
                 G{\'{e}}rard-Marchant and Kevin Sheppard and Tyler Reddy and
                 Warren Weckesser and Hameer Abbasi and Christoph Gohlke and
                 Travis E. Oliphant},
 year          = {2020},
 month         = sep,
 journal       = {Nature},
 volume        = {585},
 number        = {7825},
 pages         = {357--362},
 doi           = {10.1038/s41586-020-2649-2},
 publisher     = {Springer Science and Business Media {LLC}},
 url           = {https://doi.org/10.1038/s41586-020-2649-2}
}


@software{reback2020pandas,
    author       = {{The pandas development team}},
    title        = {pandas-dev/pandas: Pandas},
    month        = feb,
    year         = 2020,
    publisher    = {Zenodo},
    doi          = {10.5281/zenodo.3509134},
    url          = {https://doi.org/10.5281/zenodo.3509134}
}

@ARTICLE{2020SciPy-NMeth,
  author  = {Virtanen, Pauli and Gommers, Ralf and Oliphant, Travis E. and
            Haberland, Matt and Reddy, Tyler and Cournapeau, David and
            Burovski, Evgeni and Peterson, Pearu and Weckesser, Warren and
            Bright, Jonathan and {van der Walt}, St{\'e}fan J. and
            Brett, Matthew and Wilson, Joshua and Millman, K. Jarrod and
            Mayorov, Nikolay and Nelson, Andrew R. J. and Jones, Eric and
            Kern, Robert and Larson, Eric and Carey, C J and
            Polat, {\.I}lhan and Feng, Yu and Moore, Eric W. and
            {VanderPlas}, Jake and Laxalde, Denis and Perktold, Josef and
            Cimrman, Robert and Henriksen, Ian and Quintero, E. A. and
            Harris, Charles R. and Archibald, Anne M. and
            Ribeiro, Ant{\^o}nio H. and Pedregosa, Fabian and
            {van Mulbregt}, Paul and {SciPy 1.0 Contributors}},
  title   = {{{SciPy} 1.0: Fundamental Algorithms for Scientific
            Computing in Python}},
  journal = {Nature Methods},
  year    = {2020},
  volume  = {17},
  pages   = {261--272},
  adsurl  = {https://rdcu.be/b08Wh},
  doi     = {10.1038/s41592-019-0686-2},
}

@Article{Hunter:2007,
  Author    = {Hunter, J. D.},
  Title     = {Matplotlib: A 2D graphics environment},
  Journal   = {Computing in Science \& Engineering},
  Volume    = {9},
  Number    = {3},
  Pages     = {90--95},
  abstract  = {Matplotlib is a 2D graphics package used for Python for
  application development, interactive scripting, and publication-quality
  image generation across user interfaces and operating systems.},
  publisher = {IEEE COMPUTER SOC},
  doi       = {10.1109/MCSE.2007.55},
  year      = 2007
}

@software{ipca,
    author	 = {Matthias Buechner and Leland Bybee},
    title        = {{ipca}: Instrumented Principal Components Analysis},
    year         = 2019,
    url          = {https://github.com/bkelly-lab/ipca}
}
